@article{Dlamini,
author = {Dlamini, M T and Venter, H S and Eloff, J H P and Mitha, Y},
file = {:C$\backslash$:/Users/iceman/Documents/Journals/CompSec Cloud/Final Manuscript No.108.pdf:pdf},
title = {{Authentication in the Cloud : A Risk-based Approach}}
}
@article{Leavitt2009,
author = {Leavitt, Neal},
file = {:C$\backslash$:/Users/iceman/Documents/Journals/CompSec Cloud/8+Is+Cloud+Computing+Ready.pdf:pdf},
number = {January},
pages = {15--20},
title = {{Really Ready}},
year = {2009}
}
@article{Ristenpart2009,
author = {Ristenpart, Thomas and Tromer, Eran and Savage, Stefan},
file = {:C$\backslash$:/Users/iceman/Documents/Journals/CompSec Cloud/Ristenpart et al(2009).pdf:pdf},
isbn = {9781605583525},
keywords = {cloud computing,side channels,virtual machine security},
title = {{Hey , You , Get Off of My Cloud : Exploring Information Leakage in Third-Party Compute Clouds}},
year = {2009}
}
@article{Dlaminia,
author = {Dlamini, M T and Venter, H S and Eloff, J H P and Eloff, M M},
file = {:C$\backslash$:/Users/iceman/Documents/Journals/CompSec Cloud/Final Submission 178.pdf:pdf},
title = {{Security of Cloud Computing : Seeing Through the Fog}}
}
@article{Sevak2012,
author = {Sevak, Bhrugu},
file = {:C$\backslash$:/Users/iceman/Documents/Journals/CompSec Cloud/B0854112212.pdf:pdf},
keywords = {- cloud computing,amazon,as,as three model such,cloud computing is deployed,ec2 service case study,encryption decryption,randomly,side channel attack,virtual firewall appliance},
number = {2},
pages = {183--186},
title = {{Security against Side Channel Attack in Cloud Computing}},
year = {2012}
}
@article{Tsai1989,
author = {Tsai, Tien-hao and Chen, Yen-chung and Huang, Hsiu-chuan and Huang, Pei-ming and Chou, Kuo-sen},
file = {:C$\backslash$:/Users/iceman/Documents/Journals/CompSec Cloud/Tsai et al(2011).pdf:pdf},
keywords = {- chinese wall security,attacks from competitors,be more harmful than,cloud,eliminate the possible inter-vm,ever,from the same cloud,launched by competitors will,policy,successful inter-vm attacks,to,vendor,virtualization,we},
title = {{A Practical Chinese Wall Security Model in Cloud Computing}},
year = {1989}
}
@article{Zhang,
author = {Zhang, Su},
file = {:C$\backslash$:/Users/iceman/Documents/Journals/CompSec Cloud/cloudTR.pdf:pdf},
keywords = {all vm-escape attacks are,cloud comput-,con-,csps,hard to detect,hypervisor security,ing,inter-vm attacks,providers,sophisticated and ad-hoc while,very,virtualization},
pages = {1--10},
title = {{Deep-diving into an Easily-overlooked Threat : Inter-VM Attacks 1 Introduction 2 Related works as networked environment as all of the hosts are}}
}
@article{Nash,
author = {Nash, J},
file = {:C$\backslash$:/Users/iceman/Documents/Journals/CompSec Cloud/brewer\_nash\_89.pdf:pdf},
pages = {206--214},
title = {{! C}}
}
@article{Onwubiko2010,
address = {London},
author = {Onwubiko, Cyril},
doi = {10.1007/978-1-84996-241-4},
editor = {Antonopoulos, Nick and Gillam, Lee},
file = {:C$\backslash$:/Users/iceman/Documents/Journals/CompSec Cloud/CCBook2-Ch16.pdf:pdf},
isbn = {978-1-84996-240-7},
pages = {271--288},
publisher = {Springer London},
series = {Computer Communications and Networks},
title = {{Cloud Computing}},
url = {http://link.springer.com/10.1007/978-1-84996-241-4},
year = {2010}
}
@article{Kuyoro2011,
author = {Kuyoro, S O},
file = {:C$\backslash$:/Users/iceman/Documents/Journals/CompSec Cloud/Cloud Computing Security Issues and Challenges.pdf:pdf},
keywords = {cloud computing,infrastructure,it,scalability},
number = {3},
pages = {247--255},
title = {{Cloud Computing Security Issues and Challenges}},
year = {2011}
}
@article{Zhang2010,
author = {Zhang, Qi and Cheng, Lu and Boutaba, Raouf},
doi = {10.1007/s13174-010-0007-6},
file = {:C$\backslash$:/Users/iceman/Documents/Journals/CompSec Cloud/Cloud computing\_ state-of-the-art and research challenges - Springer.pdf:pdf},
issn = {1867-4828},
journal = {Journal of Internet Services and Applications},
month = apr,
number = {1},
pages = {7--18},
title = {{Cloud computing: state-of-the-art and research challenges}},
url = {http://www.springerlink.com/index/10.1007/s13174-010-0007-6},
volume = {1},
year = {2010}
}
@article{V2010,
author = {V, Cloud Computing},
file = {:C$\backslash$:/Users/iceman/Documents/Journals/CompSec Cloud/csathreats.v1.0.pdf:pdf},
number = {March},
pages = {1--14},
title = {to},
year = {2010}
}
