@article{Archer2009,
author = {Archer, J and Boehm, A},
file = {:C$\backslash$:/Users/iceman/Documents/Journals/CompSec Cloud/csaguide.v3.0.pdf:pdf},
journal = {Cloud Security Alliance},
pages = {0--176},
title = {{Security guidance for critical areas of focus in cloud computing}},
url = {http://scholar.google.com/scholar?hl=en\&btnG=Search\&q=intitle:SECURITY+GUIDANCE+FOR+CRITICAL+AREAS+OF+FOCUS+IN+CLOUD\#1},
year = {2009}
}
@article{Banyal2013,
author = {Banyal, Rohitash Kumar and Jain, Pragya and Jain, Vijendra Kumar},
doi = {10.1109/CIMSim.2013.25},
file = {:C$\backslash$:/Users/iceman/Documents/Journals/CompSec Cloud/2014-10-06/06663171.pdf:pdf},
isbn = {978-0-7695-5155-5},
journal = {2013 Fifth International Conference on Computational Intelligence, Modelling and Simulation},
keywords = {- arithmetic captcha,cam system,multi-factor authentication,out of band authentication},
month = sep,
pages = {105--110},
publisher = {Ieee},
title = {{Multi-factor Authentication Framework for Cloud Computing}},
url = {http://ieeexplore.ieee.org/lpdocs/epic03/wrapper.htm?arnumber=6663171},
year = {2013}
}
@article{Choudhury2011,
author = {Choudhury, Amlan Jyoti and Kumar, Pardeep and Sain, Mangal and Lim, Hyotaek and Jae-Lee, Hoon},
doi = {10.1109/APSCC.2011.14},
file = {:C$\backslash$:/Users/iceman/Documents/Journals/CompSec Cloud/2014-10-06/06127950.pdf:pdf},
isbn = {978-1-4673-0206-7},
journal = {2011 IEEE Asia-Pacific Services Computing Conference},
keywords = {cloud computing,cloud computing has,i,i ntroduction and motivation,iaas,it,oob,paas,saas,user authentication,virtualization,with the advancement of},
month = dec,
pages = {110--115},
publisher = {Ieee},
title = {{A Strong User Authentication Framework for Cloud Computing}},
url = {http://ieeexplore.ieee.org/lpdocs/epic03/wrapper.htm?arnumber=6127950},
year = {2011}
}
@article{Chow2010,
author = {Chow, Richard and Jakobsson, Markus and Masuoka, R},
file = {:C$\backslash$:/Users/iceman/Documents/Journals/CompSec Cloud/to read/ccsw10.pdf:pdf},
isbn = {9781450300896},
journal = {\ldots workshop on Cloud \ldots},
keywords = {authentication,cloud computing,mobile computing},
title = {{Authentication in the clouds: a framework and its application to mobile users}},
url = {http://dl.acm.org/citation.cfm?id=1866837},
year = {2010}
}
@article{Dlaminia,
author = {Dlamini, M T and Venter, H S and Eloff, J H P and Eloff, M M},
file = {:C$\backslash$:/Users/iceman/Documents/Journals/CompSec Cloud/Final Submission 178.pdf:pdf},
title = {{Security of Cloud Computing : Seeing Through the Fog}}
}
@article{Dlamini,
author = {Dlamini, M and Venter, H and Eloff, J and Mitha, Y},
file = {:C$\backslash$:/Users/iceman/Documents/Journals/CompSec Cloud/Final Manuscript No.108.pdf:pdf},
journal = {University of Pretoria},
title = {{Authentication in the Cloud: A Risk-based Approach}},
url = {http://www.satnac.org.za/proceedings/2012/papers/8.Data\_Centre\_Cloud/108.pdf},
year = {2012}
}
@article{A2014,
author = {Donald, AC and Jenis, A and Arockiam, L},
file = {:C$\backslash$:/Users/iceman/Documents/Journals/CompSec Cloud/Paper353278-3281.pdf:pdf},
keywords = {authentication,cloud computing,digital signatures,security,ta,trusted authenticator},
number = {5},
pages = {3278--3281},
title = {{An Authentication Mechanism to Enhance Security in the Cloud Environment}},
url = {http://inpressco.com/wp-content/uploads/2014/09/Paper353278-3281.pdf},
volume = {4},
year = {2014}
}
@article{Ghazizadeh2012,
author = {Ghazizadeh, Eghbal and Manan, Jamalul-lail Ab},
file = {:C$\backslash$:/Users/iceman/Documents/Journals/CompSec Cloud/2014-10-06/06427513.pdf:pdf},
isbn = {9781467345101},
keywords = {-cloud computing,federated,identity,identity theft,openid,sso,trusted computing},
pages = {562--565},
title = {{2012 IEEE 4th International Conference on Cloud Computing Technology and Science A Survey on Security Issues of Federated Identity in the Cloud Computing}},
year = {2012}
}
@article{Jivanadham2013,
author = {Jivanadham, L. B. and Islam, a. K. M. Muzahidul and Katayama, Yoshiaki and Komaki, Shozo and Baharun, S.},
doi = {10.1109/ICIEV.2013.6572626},
file = {:C$\backslash$:/Users/iceman/Documents/Journals/CompSec Cloud/2014-10-06/06572626.pdf:pdf},
isbn = {978-1-4799-0400-6},
journal = {2013 International Conference on Informatics, Electronics and Vision (ICIEV)},
month = may,
pages = {1--6},
publisher = {Ieee},
title = {{Cloud Cognitive Authenticator (CCA): A public cloud computing authentication mechanism}},
url = {http://ieeexplore.ieee.org/lpdocs/epic03/wrapper.htm?arnumber=6572626},
year = {2013}
}
@article{Kantarcioglu2011,
author = {Kantarcioglu, Murat and Bensoussan, Alain and {(Celine) Hoe}, Sing Ru},
doi = {10.1109/Allerton.2011.6120232},
file = {:C$\backslash$:/Users/iceman/Documents/Journals/CompSec Cloud/to read/06120232.pdf:pdf},
isbn = {978-1-4577-1818-2},
journal = {2011 49th Annual Allerton Conference on Communication, Control, and Computing (Allerton)},
keywords = {Control Applications,Optimization},
month = sep,
pages = {670--674},
publisher = {Ieee},
title = {{Impact of security risks on cloud computing adoption}},
url = {http://ieeexplore.ieee.org/lpdocs/epic03/wrapper.htm?arnumber=6120232},
year = {2011}
}
@article{Kuyoro2011,
author = {Kuyoro, S O},
file = {:C$\backslash$:/Users/iceman/Documents/Journals/CompSec Cloud/Cloud Computing Security Issues and Challenges.pdf:pdf},
keywords = {cloud computing,infrastructure,it,scalability},
number = {3},
pages = {247--255},
title = {{Cloud Computing Security Issues and Challenges}},
year = {2011}
}
@article{Leavitt2009,
author = {Leavitt, Neal},
file = {:C$\backslash$:/Users/iceman/Documents/Journals/CompSec Cloud/8+Is+Cloud+Computing+Ready.pdf:pdf},
number = {January},
pages = {15--20},
title = {{Really Ready}},
year = {2009}
}
@article{Moghaddam2014,
author = {Moghaddam, Faraz Fatemi and Moghaddam, Shiva Gerayeli and Rouzbeh, Sohrab and Araghi, Sagheb Kohpayeh and Alibeigi, Nima Morad and Varnosfaderani, Shirin Dabbaghi},
doi = {10.1109/TENCONSpring.2014.6863086},
file = {:C$\backslash$:/Users/iceman/Documents/Journals/CompSec Cloud/2014-10-06/06863086.pdf:pdf},
isbn = {978-1-4799-2027-3},
journal = {2014 Ieee Region 10 Symposium},
keywords = {cloud},
month = apr,
pages = {508--513},
publisher = {Ieee},
title = {{A scalable and efficient user authentication scheme for cloud computing environments}},
url = {http://ieeexplore.ieee.org/lpdocs/epic03/wrapper.htm?arnumber=6863086},
year = {2014}
}
@article{Nash,
author = {Nash, J},
file = {:C$\backslash$:/Users/iceman/Documents/Journals/CompSec Cloud/brewer\_nash\_89.pdf:pdf},
pages = {206--214},
title = {{! C}}
}
@article{Onwubiko2010,
address = {London},
author = {Onwubiko, Cyril},
doi = {10.1007/978-1-84996-241-4},
editor = {Antonopoulos, Nick and Gillam, Lee},
file = {:C$\backslash$:/Users/iceman/Documents/Journals/CompSec Cloud/CCBook2-Ch16.pdf:pdf},
isbn = {978-1-84996-240-7},
pages = {271--288},
publisher = {Springer London},
series = {Computer Communications and Networks},
title = {{Cloud Computing}},
url = {http://link.springer.com/10.1007/978-1-84996-241-4},
year = {2010}
}
@article{Ristenpart2009,
author = {Ristenpart, Thomas and Tromer, Eran and Savage, Stefan},
file = {:C$\backslash$:/Users/iceman/Documents/Journals/CompSec Cloud/Ristenpart et al(2009).pdf:pdf},
isbn = {9781605583525},
keywords = {cloud computing,side channels,virtual machine security},
title = {{Hey , You , Get Off of My Cloud : Exploring Information Leakage in Third-Party Compute Clouds}},
year = {2009}
}
@article{Sevak2012,
author = {Sevak, Bhrugu},
file = {:C$\backslash$:/Users/iceman/Documents/Journals/CompSec Cloud/B0854112212.pdf:pdf},
keywords = {- cloud computing,amazon,as,as three model such,cloud computing is deployed,ec2 service case study,encryption decryption,randomly,side channel attack,virtual firewall appliance},
number = {2},
pages = {183--186},
title = {{Security against Side Channel Attack in Cloud Computing}},
year = {2012}
}
@article{Soares2013,
author = {Soares, LFB and Fernandes, DAB and Freire, MM and In\'{a}cio, PRM},
file = {:C$\backslash$:/Users/iceman/Documents/Journals/CompSec Cloud/to read/06742763.pdf:pdf},
isbn = {9781479932146},
journal = {di.ubi.pt},
pages = {6--7},
title = {{Secure User Authentication in Cloud Computing Management Interfaces}},
url = {http://www.di.ubi.pt/~mario/files/2013-IPCCC.pdf},
year = {2013}
}
@article{Soyjaudah2013,
author = {Soyjaudah, Krishnaraj Madhavjee Sunjiv and Ramsawock, Gianeswar and Khodabacchus, Muhammad Yaasir},
doi = {10.1109/AFRCON.2013.6757821},
file = {:C$\backslash$:/Users/iceman/Documents/Journals/CompSec Cloud/2014-10-06/06757821.pdf:pdf},
isbn = {978-1-4673-5943-6},
journal = {2013 Africon},
keywords = {biometrics,cloud computing,privacy,security},
month = sep,
pages = {1--4},
publisher = {Ieee},
title = {{Cloud computing authentication using cancellable biometrics}},
url = {http://ieeexplore.ieee.org/lpdocs/epic03/wrapper.htm?arnumber=6757821},
year = {2013}
}
@article{Tsai1989,
author = {Tsai, Tien-hao and Chen, Yen-chung and Huang, Hsiu-chuan and Huang, Pei-ming and Chou, Kuo-sen},
file = {:C$\backslash$:/Users/iceman/Documents/Journals/CompSec Cloud/Tsai et al(2011).pdf:pdf},
keywords = {- chinese wall security,attacks from competitors,be more harmful than,cloud,eliminate the possible inter-vm,ever,from the same cloud,launched by competitors will,policy,successful inter-vm attacks,to,vendor,virtualization,we},
title = {{A Practical Chinese Wall Security Model in Cloud Computing}},
year = {1989}
}
@article{V2010,
author = {V, Cloud Computing},
file = {:C$\backslash$:/Users/iceman/Documents/Journals/CompSec Cloud/csathreats.v1.0.pdf:pdf},
number = {March},
pages = {1--14},
title = {to},
year = {2010}
}
@article{Yang2013,
author = {Yang, Jen-ho},
doi = {10.1109/ICICS.2013.6782791},
file = {:C$\backslash$:/Users/iceman/Documents/Journals/CompSec Cloud/2014-10-06/06782791.pdf:pdf},
isbn = {978-1-4799-0434-1},
journal = {2013 9th International Conference on Information, Communications \& Signal Processing},
keywords = {-user authentication,cloud computing,id-based,mobile device,multi-server environment,scheme},
month = dec,
pages = {1--4},
publisher = {Ieee},
title = {{A user authentication scheme on multi-server environments for cloud computing}},
url = {http://ieeexplore.ieee.org/lpdocs/epic03/wrapper.htm?arnumber=6782791},
year = {2013}
}
@article{Zhang2010,
author = {Zhang, Qi and Cheng, Lu and Boutaba, Raouf},
doi = {10.1007/s13174-010-0007-6},
file = {:C$\backslash$:/Users/iceman/Documents/Journals/CompSec Cloud/Cloud computing\_ state-of-the-art and research challenges - Springer.pdf:pdf},
issn = {1867-4828},
journal = {Journal of Internet Services and Applications},
month = apr,
number = {1},
pages = {7--18},
title = {{Cloud computing: state-of-the-art and research challenges}},
url = {http://www.springerlink.com/index/10.1007/s13174-010-0007-6},
volume = {1},
year = {2010}
}
@article{Zhang,
author = {Zhang, Su},
file = {:C$\backslash$:/Users/iceman/Documents/Journals/CompSec Cloud/cloudTR.pdf:pdf},
keywords = {all vm-escape attacks are,cloud comput-,con-,csps,hard to detect,hypervisor security,ing,inter-vm attacks,providers,sophisticated and ad-hoc while,very,virtualization},
pages = {1--10},
title = {{Deep-diving into an Easily-overlooked Threat : Inter-VM Attacks 1 Introduction 2 Related works as networked environment as all of the hosts are}}
}
